@inproceedings{michaud2007,
  title={Telepresence Robot for Home Care Assistance.},
  author={Michaud, Francois and Boissy, Patrick and Labonte, Daniel and Corriveau, Helene and Grant, Andrew and Lauria, Michel and Cloutier, Richard and Roux, Marc-Andr{\'e} and Iannuzzi, Daniel and Royer, Marie-Pier},
  booktitle={AAAI Spring Symposium: Multidisciplinary Collaboration for Socially Assistive Robotics},
  pages={50--55},
  year={2007}
},

@inproceedings{kim2004,
  title={The autonomous tour-guide robot Jinny},
  author={Kim, Gunhee and Chung, Woojin and Kim, Kyung-Rock and Kim, Munsang and Han, Sangmok and Shinn, Richard H},
  booktitle={Intelligent Robots and Systems, 2004.(IROS 2004). Proceedings. 2004 IEEE/RSJ International Conference on},
  volume={4},
  pages={3450--3455},
  year={2004},
  organization={IEEE}
},

@inproceedings{thrun1999,
  title={MINERVA: A second-generation museum tour-guide robot},
  author={Thrun, Sebastian and Bennewitz, Maren and Burgard, Wolfram and Cremers, Armin B and Dellaert, Frank and Fox, Dieter and Hahnel, Dirk and Rosenberg, Charles and Roy, Nicholas and Schulte, Jamieson and others},
  booktitle={Robotics and automation, 1999. Proceedings. 1999 IEEE international conference on},
  volume={3},
  year={1999},
  organization={IEEE}
},

@inproceedings{zhang2016,
  title={Robot Scavenger Hunt: A Standardized Framework
    for Evaluating Intelligent Mobile Robots},
  author={Zhang, Shiqi and Lu, Dongcai and Chen, Xiaoping and Stone, Peter},
  booktitle={Proceedings of the Twenty-Fifth International Joint Conference on Artificial Intelligence},
  year={2016},
  organization={IJCAI}
},

@article{burgard1999,
  title={Experiences with an interactive museum tour-guide robot},
  author={Burgard, Wolfram and Cremers, Armin B and Fox, Dieter and H{\"a}hnel, Dirk and Lakemeyer, Gerhard and Schulz, Dirk and Steiner, Walter and Thrun, Sebastian},
  journal={Artificial intelligence},
  volume={114},
  number={1},
  pages={3--55},
  year={1999},
  publisher={Elsevier}
},

@article{burgard1998,
  title={The interactive museum tour-guide robot},
  author={Burgard, Wolfram and Cremers, Armin B and Fox, Dieter and H{\"a}hnel, Dirk and Lakemeyer, Gerhard and Schulz, Dirk and Steiner, Walter and Thrun, Sebastian},
  journal={Aaai/iaai},
  pages={11--18},
  year={1998}
},

@inproceedings{kusu2013,
  title={A Virtual Campus Tour Service using Remote Control Robots on Robot Service Network Protocol},
  author={Kusu, Toshiyuki and Ito, Yuka and Kida, Takaaki and Shimada, Tetsuya and Takahashi, Masahiko and Nomoto, Yuta and Tsuchiya, Yosuke and Narita, Masahiko and Kato, Yuka},
  booktitle={Advanced Information Networking and Applications Workshops (WAINA), 2013 27th International Conference on},
  pages={959--964},
  year={2013},
  organization={IEEE}
},

@inproceedings{lifschitz2008,
  title={What Is Answer Set Programming?.},
  author={Lifschitz, Vladimir},
  booktitle={AAAI},
  volume={8},
  pages={1594--1597},
  year={2008}
}

@inproceedings{quigley2009,
  title={ROS: an open-source Robot Operating System},
  author={Quigley, Morgan and Conley, Ken and Gerkey, Brian and Faust, Josh and Foote, Tully and Leibs, Jeremy and Wheeler, Rob and Ng, Andrew Y},
  booktitle={ICRA workshop on open source software},
  volume={3},
  number={3.2},
  pages={5},
  year={2009},
  organization={Kobe, Japan}
}

@inproceedings{yang2014,
  title={Planning in answer set programming while learning action costs for mobile robots},
  author={Yang, Fangkai and Khandelwal, Piyush and Leonetti, Matteo and Stone, Peter},
  booktitle={AAAI Spring 2014 Symposium on Knowledge Representation and Reasoning in Robotics (AAAI-SSS)},
  year={2014},
  organization={Citeseer}
}

@inproceedings{khandelwal2014,
  title={Planning in action language BC while learning action costs for mobile robots},
  author={Khandelwal, Piyush and Yang, Fangkai and Leonetti, Matteo and Lifschitz, Vladimir and Stone, Peter},
  booktitle={Proceedings of the 24th International Conference on Automated Planning and Scheduling},
  pages={472--480},
  year={2014},
  organization={Association for the Advancement of Artificial Intelligence (AAAI)}
}

@inproceedings{zhang2014,
  title={Towards an architecture for knowledge representation and reasoning in robotics},
  author={Zhang, Shiqi and Sridharan, Mohan and Gelfond, Michael and Wyatt, Jeremy},
  booktitle={International Conference on Social Robotics},
  pages={400--410},
  year={2014},
  organization={Springer}
}

@inproceedings{khandelwal2015,
  title={Leading the Way: An Efficient Multi-robot Guidance System},
  author={Khandelwal, Piyush and Barrett, Samuel and Stone, Peter},
  booktitle={Proceedings of the 2015 International Conference on Autonomous Agents and Multiagent Systems},
  pages={1625--1633},
  year={2015},
  organization={International Foundation for Autonomous Agents and Multiagent Systems}
}

@inproceedings{khandelwal2014multi,
  title={Multi-robot human guidance using topological graphs},
  author={Khandelwal, Piyush and Stone, Peter},
  booktitle={AAAI Spring 2014 Symposium on Qualitative Representations for Robots},
  year={2014}
}

@inproceedings{thomason2016,
  title={Learning Multi-Modal Grounded Linguistic Semantics by Playing" I Spy},
  author={Thomason, Jesse and Sinapov, Jivko and Svetlik, Maxwell and Stone, Peter and Mooney, Raymond J},
  booktitle={Proceedings of the Twenty-Fifth international joint conference on Artificial Intelligence (IJCAI)},
  year={2016}
}

@inproceedings{sinapov2016,
  title={Learning to Order Objects Using Haptic and Proprioceptive Exploratory Behaviors},
  author={Sinapov, Jivko and Khante, Priyanka and Svetlik, Maxwell and Stone, Peter},
  booktitle={Proceedings of the 25th International Joint Conference on Artificial Intelligence (IJCAI)},
  year={2016}
}

@inproceedings{thomason2015learning,
  title={Learning to interpret natural language commands through human-robot dialog},
  author={Thomason, Jesse and Zhang, Shiqi and Mooney, Raymond and Stone, Peter},
  booktitle={Proceedings of the Twenty-Fourth international joint conference on Artificial Intelligence (IJCAI)},
  year={2015}
}

@inproceedings{gori2015robot,
  title={Robot-centric activity recognition ‘in the wild’},
  author={Gori, Ilaria and Sinapov, Jivko and Khante, Priyanka and Stone, Peter and Aggarwal, JK},
  booktitle={International Conference on Social Robotics},
  pages={224--234},
  year={2015},
  organization={Springer}
}
